<record><leader>00000cas a2200000 a 4500</leader><controlfield tag="001">31626392</controlfield><controlfield tag="008">941207d18961908fluwr ne      0    0eng c</controlfield><datafield ind1=" " ind2=" " tag="010"><subfield code="a">sn 96027198 </subfield></datafield><datafield ind1=" " ind2=" " tag="040"><subfield code="a">FHM</subfield><subfield code="b">eng</subfield><subfield code="c">FHM</subfield><subfield code="d">FUG</subfield><subfield code="d">OCLCQ</subfield><subfield code="d">DLC</subfield><subfield code="d">OCLCQ</subfield><subfield code="d">OCLCF</subfield></datafield><datafield ind1=" " ind2=" " tag="012"><subfield code="i">9603</subfield></datafield><datafield ind1="1" ind2=" " tag="029"><subfield code="a">AU@</subfield><subfield code="b">000024758326</subfield></datafield><datafield ind1=" " ind2=" " tag="042"><subfield code="a">pcc</subfield></datafield><datafield ind1=" " ind2=" " tag="043"><subfield code="a">n-us-fl</subfield></datafield><datafield ind1="0" ind2="0" tag="050"><subfield code="a">Newspaper</subfield></datafield><datafield ind1=" " ind2=" " tag="090"><subfield code="a">F319.M6</subfield><subfield code="b">M63</subfield></datafield><datafield ind1="0" ind2=" " tag="130"><subfield code="a">Miami metropolis (Miami, Fla. : Weekly)</subfield></datafield><datafield ind1="1" ind2="4" tag="245"><subfield code="a">The Miami metropolis.</subfield></datafield><datafield ind1="1" ind2="3" tag="246"><subfield code="a">Metropolis</subfield></datafield><datafield ind1=" " ind2=" " tag="260"><subfield code="a">Miami, Fla. :</subfield><subfield code="b">East Coast Pub. Co.,</subfield><subfield code="c">1896-1908.</subfield></datafield><datafield ind1=" " ind2=" " tag="300"><subfield code="a">12 v. :</subfield><subfield code="b">ill. ;</subfield><subfield code="c">38 cm.</subfield></datafield><datafield ind1=" " ind2=" " tag="310"><subfield code="a">Weekly (published on Friday)</subfield></datafield><datafield ind1="0" ind2=" " tag="362"><subfield code="a">Vol. 1, no. 1 (May 15, 1896)-v. 12, no. 47 (Mar. 20, 1908).</subfield></datafield><datafield ind1=" " ind2=" " tag="500"><subfield code="a">Editor: Walter S. Graham.</subfield></datafield><datafield ind1=" " ind2=" " tag="580"><subfield code="a">Daily eds.: Daily Miami metropolis, 1903-1907; Miami metropolis (Miami, Fla. : Daily), 1907-1908.</subfield></datafield><datafield ind1=" " ind2="0" tag="651"><subfield code="a">Miami (Fla.)</subfield><subfield code="v">Newspapers.</subfield></datafield><datafield ind1=" " ind2="0" tag="651"><subfield code="a">Miami-Dade County (Fla.)</subfield><subfield code="v">Newspapers.</subfield></datafield><datafield ind1=" " ind2="7" tag="655"><subfield code="a">Newspapers.</subfield><subfield code="2">fast</subfield><subfield code="0">(OCoLC)fst01423814</subfield></datafield><datafield ind1=" " ind2="7" tag="651"><subfield code="a">Florida</subfield><subfield code="z">Miami.</subfield><subfield code="2">fast</subfield><subfield code="0">(OCoLC)fst01213727</subfield></datafield><datafield ind1=" " ind2="7" tag="651"><subfield code="a">Florida</subfield><subfield code="z">Miami-Dade County.</subfield><subfield code="2">fast</subfield><subfield code="0">(OCoLC)fst01287298</subfield></datafield><datafield ind1=" " ind2=" " tag="752"><subfield code="a">United States</subfield><subfield code="b">Florida</subfield><subfield code="c">Dade</subfield><subfield code="d">Miami.</subfield></datafield><datafield ind1="1" ind2=" " tag="775"><subfield code="t">Daily Miami metropolis</subfield><subfield code="w">(DLC)sn 96027200</subfield><subfield code="w">(OCoLC)34299190</subfield></datafield><datafield ind1="1" ind2=" " tag="775"><subfield code="t">Miami metropolis (Miami, Fla. : Daily)</subfield><subfield code="w">(DLC)sn 86063024</subfield><subfield code="w">(OCoLC)13002167</subfield></datafield><datafield ind1="0" ind2="0" tag="785"><subfield code="t">Weekly Miami metropolis</subfield><subfield code="w">(DLC)sn 96027199</subfield><subfield code="w">(OCoLC)34299189</subfield></datafield><datafield ind1=" " ind2=" " tag="850"><subfield code="a">FU</subfield></datafield></record>